%% LaTeX2e file `mybib.bib'
%% generated by the `filecontents' environment
%% from source `Assignment1' on 2018/02/18.
%%

@article{fernandez,
  title={Methontology: from ontological art towards ontological engineering},
  author={Fern{\'a}ndez, Mariano and G{\'o}mez-P{\'e}rez, Asunci{\'o}n and Juristo, Natalia},
  year={1997},
  publisher={American Asociation for Artificial Intelligence}
}


@article{gomez,
  title={NeOn methodology for building ontology networks: a scenario-based methodology},
  author={G{\'o}mez-P{\'e}rez, Asunci{\'o}n and Su{\'a}rez-Figueroa, Mari Carmen},
  year={2009},
  publisher={Demetra EOOD}
}

@incollection{suarez,
  title={The NeOn methodology for ontology engineering},
  author={Su{\'a}rez-Figueroa, Mari Carmen and G{\'o}mez-P{\'e}rez, Asunci{\'o}n and Fern{\'a}ndez-L{\'o}pez, Mariano},
  booktitle={Ontology engineering in a networked world},
  pages={9--34},
  year={2012},
  publisher={Springer}
}