%% LaTeX2e file `mybib.bib'
%% generated by the `filecontents' environment
%% from source `Assignment1' on 2018/02/18.
%%

@online{stan,
title = {CS229},
author={Stanford},
url = {http://cs229.stanford.edu/syllabus.html},
year={2018}
}

@online{buf,
title={CSE474},
author={{Univesity at Buffalo}},
url={https://www.cse.buffalo.edu//~chandola/teaching/machinelearningdocs/syllabus.pdf},
year={2018}
}

@online{mit,
title={6.036},
author={{Massachusetts Institute of Technology}},
url={http://courses.csail.mit.edu/6.036/spring_2017/lectures.html},
year={2017}
}

@online{prince,
title={COS402},
author={{Princeton}},
url={https://www.cs.princeton.edu/courses/archive/fall16/cos402/},
year={2017}
}

@online{ucla,
title={CS188},
author={{University of California, Los Angeles}},
url={http://web.cs.ucla.edu/~sriram/courses/cs188.winter-2017/html/index.html},
year={2017}
}

@online{mic,
title={CSE491},
author={{Michigan State University}},
url={https://github.com/jiayuzhou/CSE491-2016Fall},
year={2016}
}

@online{nor,
title={CSE40625},
author={{University of Notre Dame}},
url={https://github.com/cse40625/cse40625/blob/master/syllabus.pdf},
year={2017}
}

@online{col,
title={ Machine Learning 4771},
author={{Columbia University}},
url={http://www.cs.columbia.edu/~jebara/4771/notes/class1x.pdf},
year={2015}
}

@online{mel,
title={COMP30027},
author={{University of Melbourne}},
url={https://handbook.unimelb.edu.au/subjects/comp30027},
year={2018}
}

@online{was,
title={CSS490},
author={{University of Washington}},
url={http://courses.washington.edu/css490/2012.Winter/CSS%20490-590%20-%20Introduction%20to%20Machine%20Learning.html},
year={2012}
}
