%% LaTeX2e file `mybib.bib'
%% generated by the `filecontents' environment
%% from source `Assignment1' on 2018/02/18.
%%

@online{stan,
title = {Intro to machine Learning},
author={UDACITY},
url = {https://www.udacity.com/course/intro-to-machine-learning--ud120},
year={2018}
}

@online{cal,
title = {Learning from Data},
author={{ California Institute of Technology}},
url = {http://work.caltech.edu/telecourse.html},
year={2018}
}

@online{georg,
title={edX:Machine Learning},
author={{Class Central}},
url = {https://www.class-central.com/course/edx-machine-learning-8995},
year = {2018}
}

@online{col,
title={Machine Learning},
author={edX},
url = {https://www.edx.org/course/machine-learning-columbiax-csmm-102x-3},
year = {2018}
}

@online{mad,
title={Introduction to Machine Learning},
author={NPTEL},
url={https://onlinecourses.nptel.ac.in/noc18\_cs26/preview},
year={2014}
}


@online{stan1,
title = {CS229},
author={Stanford},
url = {http://cs229.stanford.edu/syllabus.html},
year={2018}
}

@online{buf,
title={CSE474},
author={{University at Buffalo}},
url={https://www.cse.buffalo.edu//~chandola/teaching/ machinelearningdocs/syllabus.pdf},
year={2018}
}

@online{mit,
title={6.036},
author={{Massachusetts Institute of Technology}},
url={http://courses.csail.mit.edu/6.036/spring\_2017/lectures.html},
year={2017}
}

@online{prince,
title={COS402},
author={{Princeton}},
url={https://www.cs.princeton.edu/courses/archive/fall16/cos402/},
year={2017}
}

@online{ucla,
title={CS188},
author={{University of California, Los Angeles}},
url={http://web.cs.ucla.edu/~sriram/courses/ cs188.winter-2017/html/index.html},
year={2017}
}

@online{mic,
title={CSE491},
author={{Michigan State University}},
url={https://github.com/jiayuzhou/CSE491-2016Fall},
year={2016}
}

@online{nor,
title={CSE40625},
author={{University of Notre Dame}},
url={https://github.com/cse40625/cse40625/blob/master/syllabus.pdf},
year={2017}
}

@online{col1,
title={ Machine Learning 4771},
author={{Columbia University}},
url={http://www.cs.columbia.edu/~jebara/4771/notes/class1x.pdf},
year={2015}
}

@online{mel,
title={COMP30027},
author={{University of Melbourne}},
url={https://handbook.unimelb.edu.au/subjects/comp30027},
year={2018}
}

@online{was,
title={CSS490},
author={{University of Washington}},
url={http://courses.washington.edu/css490/2012.Winter/ CSS\%20490-590\%20-\%20Introduction\%20to\%20Machine\%20Learning.html},
year={2012}
}

@online{udacitystat,
title={Intro to Statistics},
author={Udacity},
url={https://www.udacity.com/course/intro-to-statistics--st101},
year={2018}
}

@online{edxstat,
title={Statistical Modeling and Regression Analysis},
author={edX},
url={https://www.edx.org/course/regression-analysis},
year={2018}

@online{python,
title={Python For Beginners},
author={python.org},
url={https://www.python.org/about/gettingstarted/},
year={2018}
}

@online{python2,
title={Learning Python},
author={python-guide.org},
url={http://docs.python-guide.org/en/latest/intro/ learning/\#the-python-tutorial},
year={2018}
}

@online{wikistat,
title={Information theory},
author={wikipedia.org},
url={https://en.wikipedia.org/wiki/Information\_theory},
year={2018}
}