%% LaTeX2e file `mybib.bib'
%% generated by the `filecontents' environment
%% from source `Assignment1' on 2018/02/18.
%%
@article{Grau2008,
author = {Grau, Bernardo Cuenca and Horrocks, Ian and Motik, Boris and Parsia, Bijan and Patel-Schneider, Peter F. and Sattler, Ulrike},
isbn = {1570-8268},
issn = {15708268},
journal = {J. Web Semant.},
keywords = {ontologies,ontology languages,semantic web},
mendeley-groups = {Ontology Engineering/Provided},
number = {4},
pages = {309--322},
title = {{OWL2: The next step for OWL}},
volume = {6},
year = {2008}
}

@misc{Patel,
author ={P. F. Patel-Schneider and P. Hayes and I. Horrocks },
title = {OWL Web Ontology Language Semantics and Abstract Syntax, W3C Recommendation},
year={2004},
month={February}
}

@inproceedings{Bechhofer2004,
author = {Bechhofer, Sean K. and Carroll, J.J.},
booktitle = {Proc. 13th Int. Conf. World Wide Web},
isbn = {158113844X},
keywords = {D34 [Programming Languages],Languages,OWL,Parsing,Performance Keywords Semantic Web,Processorsâ€”Parsing General Terms Algorithms,RDF},
mendeley-groups = {Ontology Engineering/Found/Assignment1,Ontology Engineering/Found/Assignment1/Question 3},
pages = {266--275},
title = {{Parsing owl dl: trees or triples?}},
year = {2004}
}
