%% LaTeX2e file `mybib.bib'
%% generated by the `filecontents' environment
%% from source `Assignment1' on 2018/02/18.
%%
@inproceedings{Parsia,
address = {New York, NY, USA},
author = {Parsia, Bijan and Sirin, Evren and Kalyanpur, Aditya},
booktitle = {Proceedings of the 14th International Conference on World Wide Web},
doi = {10.1145/1060745.1060837},
isbn = {1-59593-046-9},
keywords = {,OWL,explanation,ontology engineering,owl,semantic Web,semantic web},
mendeley-groups = {Ontology Engineering/Provided},
pages = {633--640},
publisher = {ACM},
series = {WWW '05},
title = {{Debugging OWL Ontologies}},
year = {2005}
}











@incollection{Guarino2009,
author = {Guarino, Nicola and Welty, Christopher A},
booktitle = {Handbook on Ontologies},
doi = {10.1007/978-3-540-92673-3\_9},
eprint = {1011.1669v3},
isbn = {978-3-540-70999-2},
issn = {1468330X},
mendeley-groups = {Ontology Engineering/Provided},
pages = {201--220},
title = {{An Overview of OntoClean}},
year = {2009}
}
