%% LaTeX2e file `mybib.bib'
%% generated by the `filecontents' environment
%% from source `Assignment1' on 2018/02/18.
%%

@online{stan,
title = {Intro to machine Learning},
author={UDACITY},
url = {https://www.udacity.com/course/intro-to-machine-learning--ud120},
year={2018}
}

@online{cal,
title = {Learning from Data},
author={{ California Institute of Technology}},
url = {http://work.caltech.edu/telecourse.html},
year={2018}
}

@online{georg,
title={edX:Machine Learning},
author={{Class Central}},
url = {https://www.class-central.com/course/edx-machine-learning-8995},
year = {2018}
}

@online{col,
title={Machine Learning},
author={edX},
url = {https://www.edx.org/course/machine-learning-columbiax-csmm-102x-3},
year = {2018}
}

@online{mad,
title={Introduction to Machine Learning},
author={NPTEL},
url={https://onlinecourses.nptel.ac.in/noc18_cs26/preview},
year={2014}
}