%% LaTeX2e file `mybib.bib'
%% generated by the `filecontents' environment
%% from source `Assignment1' on 2018/02/18.
%%

@book{GuObSt09,
author = {N. Guarino and D. Oberle and S. Staab},
isbn = {978-3-540-70999-2},
issn = {10744770},
pmid = {15756995},
title = {{Handbook on Ontologies}},
year = {2009}
}

@article{Studer1998,
author = {R. Studer and R. Benjamins and D. Fensel},
isbn = {9780306485749},
issn = {0169023X},
journal = {Data & Knowlege Engineering},
number = {1-2},
pages = {161--198},
pmid = {20116780},
title = {{Knowledge engineering: Principles and methods}},
volume = {25},
year = {1998}
}
@article{Gruber1993,
author = {Gruber, Thomas R.},
isbn = {1042-8143},
issn = {10428143},
journal = {Knowledge Acquisition},
number = {2},
pages = {199--220},
pmid = {21685580},
title = {{A translation approach to portable ontology specifications}},
volume = {5},
year = {1993}
}
@book{Genesereth1987,
author = { Michael R. Genesereth and NJ Nielson },
booktitle = {Log. Found. Artif. Intell.},
isbn = {9780934613316},
issn = {00224812},
pages = {239--262},
pmid = {2420885},
title = {{Logical Foundations of Artificial Intelligence}},
year = {1987}
}
@article{Nagel1948,
author = {R. Carnap},
journal = {The University of Chicago Press, second edition},
title = {{Meaning and Necessity. A Study in Semantics and Modal Logic}},
year = {1956}
}