%% LaTeX2e file `mybib.bib'
%% generated by the `filecontents' environment
%% from source `Assignment1' on 2018/02/18.
%%
@book{Michell2009,
author = {Mitchell, T. M.},
isbn = {9780070428072},
pages = {414},
publisher = {McGraw-Hill},
series = {McGraw-Hill international editions - computer science series},
title = {{Machine Learning}},
year = {1997}
}

@online{was,
title = {Nearest Neighbor},
author={{University of Wasthington}},
url = {http://courses.washington.edu/css490/2012.Winter/lecture\_slides/ 06c\_nearest\_neighbor.pdf},
year={2012}
}

@book{Murphy,
author = {Murphy, Kevin P.},
booktitle = {MIT Press},
isbn = {9780262018029},
mendeley-groups = {Machine Learning/Textbooks},
title = {{Machine Learning: A Probabilistic Perspective}},
year = {2012}
}


