%% LaTeX2e file `mybib.bib'
%% generated by the `filecontents' environment
%% from source `Assignment1' on 2018/02/18.
%%

@article{Barro2013,
author = {Barro, Robert J and Lee, Jong Wha},
doi = {10.1016/j.jdeveco.2012.10.001},
file = {:C$\backslash$:/Users/Riaan/AppData/Local/Mendeley Ltd./Mendeley Desktop/Downloaded/Barro, Lee - 2013 - A new data set of educational attainment in the world, 1950-2010 ☆.pdf:pdf},
issn = {03043878},
journal = {Journal of Development Economics},
keywords = {Education,Human capital},
mendeley-groups = {Project/World Bank,Project/World Bank/Gold,Project/World Bank/Gold/Educational dataset},
pages = {184--198},
title = {{A new data set of educational attainment in the world, 1950-2010}},
volume = {104},
year = {2013}
}
@article{Cohen2007,
author = {Cohen, Daniel and Soto, Marcelo},
doi = {10.1007/s10887-007-9011-5},
file = {:C$\backslash$:/Users/Riaan/AppData/Local/Mendeley Ltd./Mendeley Desktop/Downloaded/Cohen, Soto - 2007 - Growth and human capital good data, good results.pdf:pdf},
issn = {1381-4338},
journal = {Journal of Economic Growth},
keywords = {Classification O10,Economic growth JEL,Education {\textperiodcentered},Human capital {\textperiodcentered}},
mendeley-groups = {Project/World Bank,Project/World Bank/Gold/Educational dataset},
number = {1},
pages = {51--76},
title = {{Growth and human capital: good data, good results}},
volume = {12},
year = {2007}
}

@article{Low2008,
author = {Low, Bobbi S and Hazel, Ashley and Parker, Nicholas and Welch, Kathleen B},
doi = {10.1177/1069397108317669},
file = {:C$\backslash$:/Users/Riaan/AppData/Local/Mendeley Ltd./Mendeley Desktop/Downloaded/Low et al. - 2008 - Influences on Women's Reproductive Lives Unexpected Ecological Underpinnings.pdf:pdf},
issn = {1069-3971},
journal = {Cross-Cultural Research},
keywords = {demography,development,fertility,life history},
mendeley-groups = {Project/World Bank/To Be Classified},
number = {3},
pages = {201--219},
title = {{Influences on Women's Reproductive Lives}},
volume = {42},
year = {2008}
}

@article{Rajkomar2018,
archivePrefix = {arXiv},
arxivId = {1801.07860},
author = {Rajkomar, Alvin and Oren, Eyal and Chen, Kai and Dai, Andrew M and Hajaj, Nissan and Liu, Peter J. and Liu, Xiaobing and Sun, Mimi and Sundberg, Patrik and Yee, Hector and Zhang, Kun and Duggan, Gavin E and Flores, Gerardo and Hardt, Michaela and Irvine, Jamie and Le, Quoc and Litsch, Kurt and Marcus, Jake and Mossin, Alexander and Tansuwan, Justin and Wang, De and Wexler, James and Wilson, Jimbo and Ludwig, Dana and Volchenboum, Samuel L and Chou, Katherine and Pearson, Michael and Madabushi, Srinivasan and Shah, Nigam H and Butte, Atul J and Howell, Michael and Cui, Claire and Corrado, Greg and Dean, Jeffrey},
doi = {10.1038/s41746-018-0029-1},
eprint = {1801.07860},
file = {:C$\backslash$:/Users/Riaan/AppData/Local/Mendeley Ltd./Mendeley Desktop/Downloaded/Rajkomar et al. - 2018 - ARTICLE Scalable and accurate deep learning with electronic health records.pdf:pdf},
journal = {Digital Medicine},
mendeley-groups = {Project/World Bank/To Be Classified},
pages = {18},
title = {{Scalable and accurate deep learning for electronic health records}},
volume = {1},
year = {2018}
}

@incollection{Grossman2000,
author = {Grossman, Michael},
booktitle = {Handbook of Health Economics, Volume 1},
file = {:C$\backslash$:/Users/Riaan/AppData/Local/Mendeley Ltd./Mendeley Desktop/Downloaded/Grossman - 2000 - THE HUMAN CAPITAL MODEL.pdf:pdf},
mendeley-groups = {Project/World Bank/To Be Classified},
pages = {348--407},
title = {{THE HUMAN CAPITAL MODEL}},
volume = {1},
year = {2000}
}

@techreport{Shaw2005,
author = {Shaw, James W and Horrace, William C and Vogel, Ronald J},
booktitle = {Source: Southern Economic Journal},
file = {:C$\backslash$:/Users/Riaan/AppData/Local/Mendeley Ltd./Mendeley Desktop/Downloaded/Shaw, Horrace, Vogel - 2005 - The Determinants of Life Expectancy An Analysis of the OECD.pdf:pdf},
mendeley-groups = {Project/World Bank/Gold/General},
number = {4},
pages = {768--783},
title = {{The Determinants of Life Expectancy: An Analysis of the OECD}},
volume = {71},
year = {2005}
}

@article{Gompertz,
author = {Gompertz, Benjamin},
doi = {10.1098/rstl.1825.0026},
file = {:C$\backslash$:/Users/Riaan/AppData/Local/Mendeley Ltd./Mendeley Desktop/Downloaded/Unknown - Unknown - full-text(6).pdf:pdf},
journal = {Philosophical Transactions of the Royal Society of London},
mendeley-groups = {Project/World Bank/To Be Classified},
pages = {513--583},
title = {{XXIV. On the nature of the function expressive of the law of human mortality, and on a new mode of determining the value of life contingencies. In a letter to Francis Baily, Esq. F. R. S. {\&}c}},
volume = {115},
year = {1825}
}

@article{Makeham1860,
author = {Makeham, William Matthew},
file = {:C$\backslash$:/Users/Riaan/AppData/Local/Mendeley Ltd./Mendeley Desktop/Downloaded/William Matthew Makeham - Unknown - ASSUEANCE MAGAZINE, AND JOURNAL OF THE INSTITUTE OF ACTUARIES. On the Law of Mortality and the Const.pdf:pdf},
issn = {2046-1658},
journal = {The Assurance Magazine and Journal of the Institute of Actuaries},
mendeley-groups = {Project/World Bank/To Be Classified},
month = {jan},
number = {06},
pages = {301--310},
publisher = {Cambridge University Press},
title = {{On the Law of Mortality and Construction of Annuity Tables}},
volume = {8},
year = {1860}
}

@techreport{Bongaarts2005,
author = {Bongaarts, John},
booktitle = {Source: Demography},
file = {:C$\backslash$:/Users/Riaan/AppData/Local/Mendeley Ltd./Mendeley Desktop/Downloaded/Bongaarts - 2005 - Long-Range Trends in Adult Mortality Models and Projection Methods.pdf:pdf},
mendeley-groups = {Project/World Bank/Gold/Modelling},
number = {1},
pages = {23--49},
title = {{Long-Range Trends in Adult Mortality: Models and Projection Methods}},
volume = {42},
year = {2005}
}

@article{Raftery2014,
author = {Raftery, Adrian E and Alkema, Leontine and Gerland, Patrick},
doi = {10.1214/13-sts419},
file = {:C$\backslash$:/Users/Riaan/AppData/Local/Mendeley Ltd./Mendeley Desktop/Downloaded/Raftery, Alkema - 2014 - Bayesian Population Projections for the United Nations.pdf:pdf},
issn = {0883-4237},
journal = {Statistical Science},
mendeley-groups = {Project/World Bank/Gold/Modelling},
number = {1},
pages = {58--68},
title = {{Bayesian Population Projections for the United Nations}},
volume = {29},
year = {2014}
}

@article{Shang2011,
author = {Shang, Han Lin and Booth, Heather and Hyndman, Rob J},
doi = {10.4054/DemRes.2011.25.5},
file = {:C$\backslash$:/Users/Riaan/AppData/Local/Mendeley Ltd./Mendeley Desktop/Downloaded/Lin et al. - 2011 - Point and interval forecasts of mortality rates and life expectancy A comparison of ten principal component methods.pdf:pdf},
issn = {14359871},
journal = {Demographic Research},
mendeley-groups = {Project/World Bank/Gold,Project/World Bank/Gold/Modelling},
pages = {173--214},
title = {{Point and interval forecasts of mortality rates and life expectancy: A comparison of ten principal component methods}},
volume = {25},
year = {2011}
}

@article{Deboosere2009,
author = {Deboosere, Patrick and Gadeyne, Sylvie and {Van Oyen}, Herman},
doi = {10.1007/s10680-008-9167-5},
file = {:C$\backslash$:/Users/Riaan/AppData/Local/Mendeley Ltd./Mendeley Desktop/Downloaded/Deboosere et al. - 1991 - Evolution in Life Expectancy by Educational Level in Belgium Based on Linked Census and Population Register Da.pdf:pdf},
issn = {01686577},
journal = {European Journal of Population},
keywords = {Belgium,Educational level,Life expectancy,Mortality,Social inequality,Socioeconomic position},
mendeley-groups = {Project/World Bank,Project/World Bank/Gold/Educational Atainment},
number = {2},
pages = {175--196},
title = {{The 1991-2004 evolution in life expectancy by educational level in Belgium based on linked census and Population register data}},
volume = {25},
year = {2009}
}

@article{Chen2017,
author = {Chen, Jonathan H and Asch, Steven M},
doi = {10.1056/nejmp1702071},
file = {:C$\backslash$:/Users/Riaan/AppData/Local/Mendeley Ltd./Mendeley Desktop/Downloaded/Chen, Asch - 2017 - Machine Learning and Prediction in Medicine-Beyond the Peak of Inflated Expectations HHS Public Access.pdf:pdf},
issn = {0028-4793},
journal = {New England Journal of Medicine},
mendeley-groups = {Project/World Bank/Gold/Modelling},
number = {26},
pages = {2507--2509},
title = {{Machine Learning and Prediction in Medicine — Beyond the Peak of Inflated Expectations}},
volume = {376},
year = {2017}
}

@article{Kalwij2014,
author = {Kalwij, Adriaan S},
doi = {10.4054/DemRes.2014.31.30},
file = {:C$\backslash$:/Users/Riaan/AppData/Local/Mendeley Ltd./Mendeley Desktop/Downloaded/Kalwij - Unknown - An empirical analysis of the importance of controlling for unobserved heterogeneity when estimating the income-mortal.pdf:pdf},
issn = {14359871},
journal = {Demographic Research},
mendeley-groups = {Project/World Bank/To Be Classified},
number = {1},
pages = {913--940},
title = {{An empirical analysis of the importance of controlling for unobserved heterogeneity when estimating the income-mortality gradient}},
volume = {31},
year = {2014}
}

@incollection{Oeppen2019,
address = {Cham},
author = {Oeppen, Jim},
booktitle = {Old and New Perspectives on Mortality Forecasting},
doi = {10.1007/978-3-030-05075-7_16},
editor = {Bengtsson, Tommy and Keilman, Nico},
file = {:C$\backslash$:/Users/Riaan/AppData/Local/Mendeley Ltd./Mendeley Desktop/Downloaded/Oeppen - Unknown - Life Expectancy Convergence Among Nations Since 1820 Separating the Effects of Technology and Income.pdf:pdf},
isbn = {978-3-030-05075-7},
mendeley-groups = {Project/World Bank/To Be Classified,Project/World Bank/Gold/Income},
pages = {197--219},
publisher = {Springer International Publishing},
title = {{Life Expectancy Convergence Among Nations Since 1820: Separating the Effects of Technology and Income}},
year = {2019}
}


@article{Preston1975,
author = {Preston, Samuel H},
doi = {10.1080/00324728.1975.10410201},
file = {:C$\backslash$:/Users/Riaan/AppData/Local/Mendeley Ltd./Mendeley Desktop/Downloaded/Preston - 2011 - Population Studies A Journal of Demography The Changing Relation between Mortality and level of Economic Development.pdf:pdf},
issn = {14774747},
journal = {Population Studies},
mendeley-groups = {Project/World Bank/Gold/Income},
number = {2},
pages = {231--248},
title = {{The Changing Relation between Mortality and level of Economic Development}},
volume = {29},
year = {1975}
}

@article{Kontis2017,
author = {Kontis, Vasilis and Bennett, James E. and Mathers, Colin D. and Li, Guangquan and Foreman, Kyle and Ezzati, Majid},
doi = {10.1016/S0140-6736(16)32381-9},
file = {:C$\backslash$:/Users/Riaan/AppData/Local/Mendeley Ltd./Mendeley Desktop/Downloaded/Kontis et al. - 2017 - Future life expectancy in 35 industrialised countries projections with a Bayesian model ensemble.pdf:pdf},
issn = {1474547X},
journal = {The Lancet},
mendeley-groups = {Project/World Bank/Gold/Modelling},
month = {apr},
number = {10076},
pages = {1323--1335},
publisher = {Elsevier},
title = {{Future life expectancy in 35 industrialised countries: projections with a Bayesian model ensemble}},
volume = {389},
year = {2017}
}

@article{Hu2015,
author = {Hu, Yannan and van Lenthe, Frank J. and Mackenbach, Johan P},
doi = {10.1007/s10654-015-0066-x},
file = {:C$\backslash$:/Users/Riaan/AppData/Local/Mendeley Ltd./Mendeley Desktop/Downloaded/Hu et al. - Unknown - Income inequality, life expectancy and cause-specific mortality in 43 European countries, 1987-2008 a fixed effect.pdf:pdf},
issn = {15737284},
journal = {European Journal of Epidemiology},
keywords = {Causes of death,Europe,Fixed effects models,Income inequality,Life expectancy,Mortality},
mendeley-groups = {Project/World Bank/Gold/Income},
number = {8},
pages = {615--625},
title = {{Income inequality, life expectancy and cause-specific mortality in 43 European countries, 1987–2008: a fixed effects study}},
volume = {30},
year = {2015}
}

@misc{Cutler2006,
author = {Cutler, David M. and Rosen, Allison B. and Vijan, Sandeep},
booktitle = {New England Journal of Medicine},
doi = {10.1056/nejmsa054744},
file = {:C$\backslash$:/Users/Riaan/AppData/Local/Mendeley Ltd./Mendeley Desktop/Downloaded/Unknown - 2006 - value of medical spending.pdf:pdf},
issn = {0028-4793},
mendeley-groups = {Project/World Bank/Gold/Medical spending},
month = {aug},
number = {9},
pages = {920--927},
title = {{The Value of Medical Spending in the United States, 1960–2000}},
volume = {355},
year = {2006}
}

@article{Lee1992,
author = {Lee, Ronald D and Carter, Lawrence R},
doi = {10.1080/01621459.1992.10475265},
file = {:C$\backslash$:/Users/Riaan/AppData/Local/Mendeley Ltd./Mendeley Desktop/Downloaded/Lee et al. - Unknown - Modeling and Forecasting U.S. Mortality.pdf:pdf},
isbn = {201912:25:02},
issn = {1537274X},
journal = {Journal of the American Statistical Association},
keywords = {Demography,Forecast,Life expectancy,Mortality,Population,Projection},
mendeley-groups = {Project/World Bank/Gold/Modelling},
number = {419},
pages = {659--671},
title = {{Modeling and forecasting U.S. mortality}},
volume = {87},
year = {1992}
}

@article{Hoque2019,
author = {Hoque, Mohammad Mainul and King, Elizabeth M and Montenegro, Claudio E and Orazem, Peter F},
doi = {10.1007/s00148-018-0717-9},
file = {:C$\backslash$:/Users/Riaan/AppData/Local/Mendeley Ltd./Mendeley Desktop/Downloaded/Hoque et al. - Unknown - Revisiting the relationship between longevity and lifetime education global evidence from 919 surveys.pdf:pdf},
issn = {09331433},
journal = {Journal of Population Economics},
keywords = {Ben-Porath,Cohort,Human capital,Life expectancy,Lifetime education},
mendeley-groups = {Project,Project/World Bank,Project/World Bank/To Be Classified,Project/World Bank/Gold/Educational Atainment},
number = {2},
pages = {551--589},
title = {{Revisiting the relationship between longevity and lifetime education: global evidence from 919 surveys}},
volume = {32},
year = {2019}
}

@article{Chetty2016,
author = {Chetty, Raj and Stepner, Michael and Abraham, Sarah and Lin, Shelby and Scuderi, Benjamin and Turner, Nicholas and Bergeron, Augustin and Cutler, David},
doi = {10.1001/jama.2016.4226},
file = {:C$\backslash$:/Users/Riaan/AppData/Local/Mendeley Ltd./Mendeley Desktop/Downloaded/Chetty et al. - 2016 - The Association Between Income and Life Expectancy in the United States, 2001-2014 Association Between Income and.pdf:pdf},
isbn = {1408287218},
issn = {15383598},
journal = {JAMA - Journal of the American Medical Association},
mendeley-groups = {Project/World Bank/Gold,Project/World Bank/Gold/Income},
number = {16},
pages = {1750--1766},
title = {{The association between income and life expectancy in the United States, 2001-2014}},
volume = {315},
year = {2016}
}

@article{VanKippersluis2009,
author = {van Kippersluis, Hans and O'Donnell, Owen and van Doorslaer, Eddy},
doi = {10.3368/jhr.46.4.695},
file = {:C$\backslash$:/Users/Riaan/AppData/Local/Mendeley Ltd./Mendeley Desktop/Downloaded/Unknown - Unknown - Long Run Returns to Education Does Schooling Lead to an Extended Old Age.pdf:pdf},
issn = {0022-166X},
journal = {Journal of Human Resources},
keywords = {D30,D31,I10,I12,education causality,health,mortality,regression discontinuity},
language = {eng},
mendeley-groups = {Project/World Bank/Gold/Educational Atainment},
month = {apr},
number = {4},
pages = {695--721},
pmid = {21874068},
title = {{Long Run Returns to Education: Does Schooling Lead to an Extended Old Age?}},
volume = {46},
year = {2011}
}



@article{VanBaal2016a,
author = {van Baal, Pieter and Peters, Frederik and Mackenbach, Johan and Nusselder, Wilma},
doi = {10.1080/00324728.2016.1159718},
file = {:C$\backslash$:/Users/Riaan/AppData/Local/Mendeley Ltd./Mendeley Desktop/Downloaded/Van Baal et al. - 2016 - Population Studies A Journal of Demography Forecasting differences in life expectancy by education.pdf:pdf},
issn = {14774747},
journal = {Population Studies},
keywords = {Lee–Carter model,educational inequalities,life expectancy,time series},
mendeley-groups = {Project/World Bank/To Be Classified,Project/World Bank/Gold/Educational Atainment},
number = {2},
pages = {201--216},
title = {{Forecasting differences in life expectancy by education}},
volume = {70},
year = {2016}
}

@article{Rochelle2015,
author = {Rochelle, Tina L and Yeung, Doris K.Y. and Bond, Michael Harris and Li, Liman Man Wai},
doi = {10.1080/13548506.2014.936884},
file = {:C$\backslash$:/Users/Riaan/AppData/Local/Mendeley Ltd./Mendeley Desktop/Downloaded/Rochelle et al. - 2015 - Predictors of the gender gap in life expectancy across 54 nations.pdf:pdf},
issn = {13548506},
journal = {Psychology, Health and Medicine},
keywords = {Gender gap,Life expectancy,Longevity,Mortality},
mendeley-groups = {Project/World Bank/Gold/Gender gap},
number = {2},
pages = {129--138},
title = {{Predictors of the gender gap in life expectancy across 54 nations}},
volume = {20},
year = {2015}
}

@article{JasonBeckfield2004,
author = {{Jason Beckfield}},
file = {:C$\backslash$:/Users/Riaan/AppData/Local/Mendeley Ltd./Mendeley Desktop/Downloaded/Beckfield - 2004 - Does Income Inequality Harm Health New Cross-National Evidence.pdf:pdf},
isbn = {201913:24:43},
journal = {Journal of Health and Social Behavior},
mendeley-groups = {Project/World Bank/Gold/Income},
number = {3},
pages = {231--248},
publisher = {Williams and Collins},
title = {{Does Income Inequality Harm Health? New Cross-National Evidence}},
volume = {45},
year = {2004}
}

@article{Bonamore2015,
author = {Bonamore, Giorgio and Carmignani, Fabrizio and Colombo, Emilio},
doi = {10.1016/j.socscimed.2014.12.017},
file = {:C$\backslash$:/Users/Riaan/AppData/Local/Mendeley Ltd./Mendeley Desktop/Downloaded/Bonamore, Carmignani, Colombo - 2015 - Addressing the unemployment-mortality conundrum Non-linearity is the answer.pdf:pdf},
issn = {18735347},
journal = {Social Science and Medicine},
keywords = {Economic crisis,Europe,Mortality,Non-linearity,Regional data,Unemployment},
mendeley-groups = {Project/World Bank/Gold/Unemployment},
pages = {67--72},
title = {{Addressing the unemployment-mortality conundrum: Non-linearity is the answer}},
volume = {126},
year = {2015}
}

@article{Roelfs2011,
author = {Roelfs, David J and Shor, Eran and Davidson, Karina W and Schwartz, Joseph E},
doi = {10.1016/j.socscimed.2011.01.005},
file = {:C$\backslash$:/Users/Riaan/AppData/Local/Mendeley Ltd./Mendeley Desktop/Downloaded/Roelfs et al. - 2011 - Losing life and livelihood A systematic review and meta-analysis of unemployment and all-cause mortality.pdf:pdf},
issn = {02779536},
journal = {Social Science and Medicine},
keywords = {All-cause mortality,Health behaviors,Meta-analysis,Meta-regression,Psychosocial stress,Systematic review,Unemployment},
mendeley-groups = {Project/World Bank/Gold/Unemployment},
number = {6},
pages = {840--854},
title = {{Losing life and livelihood: A systematic review and meta-analysis of unemployment and all-cause mortality}},
volume = {72},
year = {2011}
}

@article{Roelfs2015,
author = {Roelfs, David J. and Shor, Eran and Blank, Aharon and Schwartz, Joseph E},
doi = {10.1016/j.annepidem.2015.02.005},
file = {:C$\backslash$:/Users/Riaan/AppData/Local/Mendeley Ltd./Mendeley Desktop/Downloaded/Roelfs Phd et al. - 2015 - Misery loves company A meta-regression examining aggregate unemployment rates and the unemployment-mortality.pdf:pdf},
issn = {18732585},
journal = {Annals of Epidemiology},
keywords = {Meta-analysis,Mortality,Unemployment},
mendeley-groups = {Project/World Bank/Gold/Unemployment},
number = {5},
pages = {312--322},
title = {{Misery loves company? A meta-regression examining aggregate unemployment rates and the unemployment-mortality association}},
volume = {25},
year = {2015}
}

@techreport{CDC1999,
author = {{Centers for Disease Control {\&} Prevention}},
file = {:C$\backslash$:/Users/Riaan/AppData/Local/Mendeley Ltd./Mendeley Desktop/Downloaded/Unknown - 2019 - Centers for Disease Control {\&}amp Prevention (CDC) Healthier Mothers and Babies Source Morbidity and Mortality Weekly Re.pdf:pdf},
isbn = {201816:02:49},
mendeley-groups = {Project/World Bank/Gold/Infant mortality},
pages = {849--858},
title = {{Achievements in Public Health, 1900-1999 Healthier: Healthier Mothers and Babies}},
year = {1999}
}

@article{Tarkiainen2012,
author = {Tarkiainen, Lasse and Martikainen, Pekka and Laaksonen, Mikko and Valkonen, Tapani},
doi = {10.1136/jech.2010.123182},
journal = {Journal of Epidemiology and Community Health},
mendeley-groups = {Project/World Bank/Gold/Income},
month = {jul},
number = {7},
pages = {573 LP  -- 578},
title = {{Trends in life expectancy by income from 1988 to 2007: decomposition by age and cause of death}},
volume = {66},
year = {2012}
}

@article{Kaplan2015,
author = {Kaplan, Robert M. and Howard, Virginia J. and Safford, Monika M and Howard, George},
doi = {10.1016/j.annepidem.2015.01.017},
file = {:C$\backslash$:/Users/Riaan/AppData/Local/Mendeley Ltd./Mendeley Desktop/Downloaded/Kaplan Phd et al. - 2015 - Educational attainment and longevity results from the REGARDS U.S. national cohort study of blacks and whites.pdf:pdf},
issn = {18732585},
journal = {Annals of Epidemiology},
keywords = {All-cause mortality,Educational attainment,Life expectancy,Prospective cohort},
mendeley-groups = {Project/World Bank/Gold/Educational Atainment},
number = {5},
pages = {323--328},
title = {{Educational attainment and longevity: Results from the REGARDS U.S. national cohort study of blacks and whites}},
volume = {25},
year = {2015}
}

@article{Deary2004,
author = {Deary, Ian J and Gottfredson, Linda S},
file = {:C$\backslash$:/Users/Riaan/AppData/Local/Mendeley Ltd./Mendeley Desktop/Downloaded/Gottfredson, Deary - 2004 - Intelligence Predicts Health and Longevity, but Why.pdf:pdf},
journal = {Current Directions in Psychological Science},
keywords = {after all,and personnel psychology has,but,established,health,health psychologists examine the,impact of volition on,intelligence,managing one,might not competence matter,one of life,s jobs,s physical health is,too},
mendeley-groups = {Project/World Bank/Gold/Educational Atainment},
number = {1},
pages = {1--4},
title = {{Intelligence Predicts Health and Longevity, but Why?}},
volume = {13},
year = {2004}
}

@article{Hayward2015,
author = {Hayward, Mark D and Hummer, Robert A and Sasson, Isaac},
doi = {10.1016/j.socscimed.2014.11.024},
file = {:C$\backslash$:/Users/Riaan/AppData/Local/Mendeley Ltd./Mendeley Desktop/Downloaded/Hayward, Hummer, Sasson - 2015 - Trends and Group Differences in the Association between Educational Attainment and U.S. Adult Mortality.pdf:pdf},
journal = {Soc Sci Med},
mendeley-groups = {Project/World Bank/Gold/Educational Atainment},
pages = {8--18},
title = {{Trends and Group Differences in the Association between Educational Attainment and U.S. Adult Mortality: Implications for Understanding Education's Causal Influence *}},
volume = {127},
year = {2015}
}

@article{Fergany1971,
author = {Fergany, Nader},
doi = {10.2307/2060621},
file = {:C$\backslash$:/Users/Riaan/AppData/Local/Mendeley Ltd./Mendeley Desktop/Downloaded/Fergany - 1971 - ON THE HUMAN SURVIVORSHIP FUNCTION AND LIFE TABLE CONSTRUCTION.pdf:pdf},
issn = {00703370},
journal = {Demography},
mendeley-groups = {Project/World Bank/Gold/Life tables},
number = {3},
pages = {331--334},
title = {{On the Human Survivorship Function and Life Table Construction}},
volume = {8},
year = {1971}
}

@article{Shkol2019,
author = {Shkolnikov, Vladimir M. and Andreev, Evgeny M. and Tursun-zade, Rustam and Leon, David A.},
doi = {10.1016/S2468-2667(19)30036-2},
file = {:C$\backslash$:/Users/Riaan/AppData/Local/Mendeley Ltd./Mendeley Desktop/Downloaded/Shkolnikov et al. - 2019 - Patterns in the relationship between life expectancy and gross domestic product in Russia in 2005–15 a cross-.pdf:pdf},
issn = {24682667},
journal = {The Lancet Public Health},
mendeley-groups = {Project/World Bank/To Be Classified,Project/World Bank/Gold/Income},
number = {4},
pages = {e181--e188},
title = {{Patterns in the relationship between life expectancy and gross domestic product in Russia in 2005–15: a cross-sectional analysis}},
volume = {4},
year = {2019}
}


@techreport{Arias2007,
author = {Arias, Elizabeth},
file = {:C$\backslash$:/Users/Riaan/AppData/Local/Mendeley Ltd./Mendeley Desktop/Downloaded/Arias - 2003 - National Vital Statistics Reports, Vol. 54, No. 14 ( 4192006).pdf:pdf},
keywords = {death rates,life expectancy,life tables,race,survival},
mendeley-groups = {Project/World Bank/Gold/Life tables},
number = {6},
pages = {1--40},
title = {{National Vital Statistics Reports}},
volume = {54},
year = {2007}
}

@article{Kalwij2013,
author = {Kalwij, Adriaan S and Alessie, Rob J M and Knoef, Marike G and Kalwij, Adriaan S and Alessie, Rob J M and Knoef, Marike G},
doi = {10.1007/s13524-012-0139-3},
file = {:C$\backslash$:/Users/Riaan/AppData/Local/Mendeley Ltd./Mendeley Desktop/Downloaded/Kalwij et al. - 2013 - The Association Between Individual Income and Remaining Life Expectancy at the Age of 65 in the Netherlands.pdf:pdf},
issn = {1533-7790},
journal = {Demography},
keywords = {,Dynamic selection,Income,Mortality risk,Panel data},
mendeley-groups = {Project/World Bank/Gold/Income},
month = {feb},
number = {1},
pages = {181--206},
title = {{The Association Between Individual Income and Remaining Life Expectancy at the Age of 65 in the Netherlands}},
volume = {50},
year = {2013}
}

@article{VonGaudecker2007,
author = {von Gaudecker, Hans Martin and Scholz, Rembrandt D},
doi = {10.4054/DemRes.2007.17.4},
file = {:C$\backslash$:/Users/Riaan/AppData/Local/Mendeley Ltd./Mendeley Desktop/Downloaded/von Gaudecker, Scholz - 2007 - Differential mortality by lifetime earnings in Germany.pdf:pdf},
issn = {14359871},
journal = {Demographic Research},
mendeley-groups = {Project/World Bank/Gold/Income},
pages = {83--108},
title = {{Differential mortality by lifetime earnings in Germany}},
volume = {17},
year = {2007}
}

@article{Blakely2004,
author = {Blakely, Tony and Kawachi, Ichiro and Atkinson, June and Fawcett, Jackie},
doi = {10.1093/ije/dyh156},
file = {:C$\backslash$:/Users/Riaan/AppData/Local/Mendeley Ltd./Mendeley Desktop/Downloaded/Blakely et al. - 2004 - Income and mortality the shape of the association and confounding New Zealand Census-Mortality Study, 1981-1999.pdf:pdf},
issn = {03005771},
journal = {International Journal of Epidemiology},
keywords = {Comparisons over time,Confounding,Income,Inequality,Mortality,Rank,Shape},
mendeley-groups = {Project/World Bank/Gold/Income},
number = {4},
pages = {874--883},
title = {{Income and mortality: The shape of the association and confounding New Zealand Census - Mortality study, 1981-1999}},
volume = {33},
year = {2004}
}

@article{Elo1996,
author = {Elo, Irma T and Preston, Samuel H},
doi = {10.1016/0277-9536(95)00062-3},
file = {:C$\backslash$:/Users/Riaan/AppData/Local/Mendeley Ltd./Mendeley Desktop/Downloaded/Elo, Preston - 1996 - {\~{}} Pergamon.pdf:pdf},
isbn = {0277-9536(95)00062-3},
issn = {02779536},
journal = {Social Science and Medicine},
keywords = {Education,Inequalities in mortality,Race,Socioeconomic status},
mendeley-groups = {Project/World Bank/Gold/Educational Atainment},
number = {1},
pages = {47--57},
title = {{Educational differentials in mortality: United States, 1979-85}},
volume = {42},
year = {1996}
}

@article{Bulled2010,
author = {Bulled, Nicola L and Sosis, Richard},
doi = {10.1007/s12110-010-9092-2},
file = {:C$\backslash$:/Users/Riaan/AppData/Local/Mendeley Ltd./Mendeley Desktop/Downloaded/Bulled, Sosis - Unknown - Examining the Relationship between Life Expectancy, Reproduction, and Educational Attainment A Cross-Country A.pdf:pdf},
issn = {10456767},
journal = {Human Nature},
keywords = {Demographic factors,Educational status,Fertility,Life cycle,Mortality,Reproductive behaviors},
mendeley-groups = {Project/World Bank/Gold/Educational Atainment},
number = {3},
pages = {269--289},
title = {{Examining the Relationship between Life Expectancy, Reproduction, and Educational Attainment}},
volume = {21},
year = {2010}
}

@article{Handwerker1986,
author = {Handwerker, W Penn},
issn = {00027294, 15481433},
journal = {American Anthropologist},
mendeley-groups = {Project/World Bank/Gold/Educational Atainment},
number = {2},
pages = {400--417},
publisher = {[American Anthropological Association, Wiley]},
title = {{The Modern Demographic Transition: An Analysis of Subsistence Choices and Reproductive Consequences}},
volume = {88},
year = {1986}
}

@article{Kabir2008,
author = {Kabir, Mahfuz},
doi = {10.1353/jda.2008.0013},
file = {:C$\backslash$:/Users/Riaan/AppData/Local/Mendeley Ltd./Mendeley Desktop/Downloaded/Kabir - 2008 - Determinants of Life Expectancy in Developing Countries(2).pdf:pdf},
journal = {The Journal of Developing Areas},
mendeley-groups = {Project/World Bank/Gold/Educational Atainment},
number = {2},
pages = {185--204},
title = {{Determinants of Life Expectancy in Developing Countries}},
volume = {41},
year = {2008}
}

@article{Luy2019,
author = {Luy, Marc and Zannella, Marina and Wegner-Siegmundt, Christian and Minagawa, Yuka and Lutz, Wolfgang and Caselli, Graziella},
doi = {10.1186/s41118-019-0055-0},
file = {:C$\backslash$:/Users/Riaan/AppData/Local/Mendeley Ltd./Mendeley Desktop/Downloaded/Luy et al. - Unknown - The impact of increasing education levels on rising life expectancy a decomposition analysis for Italy, Denmark,.pdf:pdf},
issn = {2035-5556},
journal = {Genus},
keywords = {,Decomposition,Education,Health policy,Human capital,Life expectancy,Population structure},
mendeley-groups = {Project/World Bank/Gold/Educational Atainment,Project,Project/World Bank,Project/World Bank/Gold,Project/World Bank/Gold/Specific area studies},
month = {mar},
number = {1},
pages = {11},
title = {{The impact of increasing education levels on rising life expectancy: a decomposition analysis for Italy, Denmark, and the USA}},
volume = {75},
year = {2019}
}

@book{UNESCO2012,
author = {{UNESCO Institute for Statistics}},
file = {:C$\backslash$:/Users/Riaan/AppData/Local/Mendeley Ltd./Mendeley Desktop/Downloaded/Unknown - 2011 - International Standard Classification of Education.pdf:pdf},
isbn = {9789291891238},
mendeley-groups = {Project/World Bank/Gold/Educational Atainment},
pages = {1--86},
title = {{International Standard Classification of Education ISCED 2011}},
year = {2012}
}

@article{Bulled2010,
author = {Bulled, Nicola L and Sosis, Richard},
doi = {10.1007/s12110-010-9092-2},
file = {:C$\backslash$:/Users/Riaan/AppData/Local/Mendeley Ltd./Mendeley Desktop/Downloaded/Bulled, Sosis - Unknown - Examining the Relationship between Life Expectancy, Reproduction, and Educational Attainment A Cross-Country A.pdf:pdf},
issn = {1936-4776},
journal = {Human Nature},
keywords = {,Demographic factors,Educational status,Fertility,Life cycle,Mortality,Reproductive behaviors},
mendeley-groups = {Project/World Bank/Gold/Educational Atainment},
month = {oct},
number = {3},
pages = {269--289},
title = {{Examining the Relationship between Life Expectancy, Reproduction, and Educational Attainment}},
volume = {21},
year = {2010}
}

@article{Montez2015,
author = {Montez, Jennifer Karas and Friedman, Esther M},
doi = {10.1016/j.socscimed.2014.12.029},
file = {:C$\backslash$:/Users/Riaan/AppData/Local/Mendeley Ltd./Mendeley Desktop/Downloaded/Karas Montez, Friedman - 2015 - Educational attainment and adult health Under what conditions is the association causal.pdf:pdf},
issn = {18735347},
journal = {Social Science and Medicine},
mendeley-groups = {Project/World Bank/Gold/Educational Atainment},
month = {feb},
number = {1},
pages = {1--7},
title = {{Educational attainment and adult health: Under what conditions is the association causal?}},
volume = {127},
year = {2015}
}

@book{Murphy,
author = {Murphy, Kevin P.},
booktitle = {MIT Press},
file = {:C$\backslash$:/Users/Riaan/AppData/Local/Mendeley Ltd./Mendeley Desktop/Downloaded/Murphy - Unknown - Machine Learning A Probabilistic Perspective.pdf:pdf},
isbn = {9780262018029},
mendeley-groups = {Machine Learning/Textbooks,Machine Learning/Found/Assignment 1/Question 3,Machine Learning/Assignments {\&} Tasks/Assignment 3},
title = {{Machine Learning: A Probabilistic Perspective}},
year = {2012}
}

@book{Mitchell,
author = {Mitchell, T. M.},
file = {:C$\backslash$:/Users/Riaan/AppData/Local/Mendeley Ltd./Mendeley Desktop/Downloaded/Mitchell - Unknown - Machine Learning.pdf:pdf},
isbn = {9780070428072},
mendeley-groups = {Machine Learning,Machine Learning/Found,Machine Learning/Found/Task 2,Machine Learning/Textbooks,Machine Learning/Found/Assignment 1/Question 3,Machine Learning/Found/Task 3/Perceptrons,Machine Learning/Assignments {\&} Tasks/Assignment 3,Machine Learning/Assignments {\&} Tasks/Assignment 3/Comp: Gradient Decent,Machine Learning/Assignments {\&} Tasks/Assignment 3/Michigan vs Pittsburgh,Machine Learning/Assignments {\&} Tasks/Assignment 3/Hypotheses why GA's work/Schema,Machine Learning/Assignments {\&} Tasks/Assignment 3/Parallelizing GA's,Machine Learning/Assignments {\&} Tasks/Assignment 3/Representation,Machine Learning/Assignments {\&} Tasks/Assignment 3/Operators,Machine Learning/Assignments {\&} Tasks/Assignment 3/Selection,Project/Textbooks},
pages = {414},
publisher = {McGraw-Hill},
series = {McGraw-Hill international editions - computer science series},
title = {{Machine Learning}},
year = {1997}
}

@misc{Duda2001,
author = {Duda, Richard O. and Hart, Peter E. and Stork, David G.},
file = {:D$\backslash$:/Mendeley/Duda, Hart, Stork - 2001 - Pattern Classification.pdf:pdf},
mendeley-groups = {Machine Learning/Textbooks,Project/Textbooks},
pages = {738},
publisher = {Wiley},
title = {{Pattern Classification}},
year = {2001}
}

@book{Alpaydin2010,
author = {Alpaydin, Ethem.},
edition = {Second Edi},
file = {:D$\backslash$:/Mendeley/Dietterich et al. - Unknown - Introduction to Machine Learning Second Edition Adaptive Computation and Machine Learning.pdf:pdf},
isbn = {9780262012430},
mendeley-groups = {Project/Textbooks},
publisher = {MIT Press},
title = {{Introduction to Machine Learning}},
year = {2010}
}
