%% LaTeX2e file `mybib.bib'
%% generated by the `filecontents' environment
%% from source `Assignment1' on 2018/02/18.
%%

@online{stan,
title = {Introduction to Machine Learning},
author={Varun Chandola},
url = {https://www.cse.buffalo.edu//~chandola/teaching/ machinelearningdocs/parta2-handout.pdf},
year={2018}
}

@misc{Riedmiller,
author = {Riedmiller, Martin},
title = {{Concept Learning}},
url = {http://ml.informatik.uni-freiburg.de/former/{\_}media/ documents/teaching/ss09/ml/version.pdf},
year={2009}
}

@article{Cardie,
author = {Cardie, Claire},
title = {{Inductive Learning or Concept Learning}},
url = {https://www.cs.cornell.edu/courses/cs4740/2012sp/ lectures/ml-basics-ai-lecture-4pp.pdf},
year={2012}
}

@book{Michell2009,
author = {Mitchell, T. M.},
isbn = {9780070428072},
pages = {414},
publisher = {McGraw-Hill},
title = {{Machine Learning}},
year = {1997}
}

@article{Quinlan1986,
author = {Quinlan, J. R.},
journal = {Machine Learning},
number = {1},
pages = {81--106},
title = {{Induction of Decision Trees}},
volume = {1},
year = {1986}
}
